@article {chance:2017,
	title = {Making Confidential Data Part of Reproducible Research},
	journal = {Chance},
	year = {2017},
	month = {09/2017},
	url = {http://chance.amstat.org/2017/09/reproducible-research/},
	author = {Vilhuber, Lars and Lagoze, Carl}
}
