% Encoding: ISO-8859-1
@misc{ACS2010-2014,
	author={{United States Department of Commerce. Bureau of the Census.}},
        year=2017,
       title={American {C}ommunity {S}urvey 2010-2014 {ACS} 5-Year {PUMS} File [Data set]},
       type={Inter-university Consortium of Political and Social Research [distributor]},
       url={http://doi.org/10.3886/E100486V1},
       doi={10.3886/E100486V1},
       }
@misc{openicpsr:E100424V2,
	author = {Schmutte, Ian M.},
	year=2017,
	title={Economics of Privacy -- Raw Cornell National Social Survey Data},
	type={[Data set]},
	institution={Inter-university Consortium of Political and Social Research [distributor]}, url={http://doi.org/10.3886/E100424V2},
	doi={10.3886/E100424V2}
}
@misc{openicpsr:E100425V1,
	author = {Schmutte, Ian M.},
	year=2017,
	title={Economics of Privacy -- Raw National Health Interview Survey Data},
	type={[Data set]},
	institution={Inter-university Consortium of Political and Social Research [distributor]}, 
	url={http://doi.org/10.3886/E100424V2},
	doi={10.3886/E100425V1}
}

@techreport{zenodo:556121,
  author      = {Sexton, William and Abowd, John M. and Schmutte, Ian M. and Vilhuber, Lars},
  title        = {Synthetic population housing and person records for 
                   the {United States} [Dataset]},
  month        = apr,
  year         = 2017,
  note         = {{This work is supported under  Grant G-2015-13903 
                   from the Alfred P. Sloan Foundation on "The
                   Economics of Socially-Efficient Privacy and
                   Confidentiality Management for Statistical
                   Agencies" (PI: John M. Abowd,
                   https://www.ilr.cornell.edu/labor-dynamics-
                   institute/research/project-19)}},
	institution={Zenodo [distributor]}, 
  doi          = {10.5281/zenodo.556121},
  url          = {https://doi.org/10.5281/zenodo.556121}
}

@techreport{openICPSR:e100274v1,
  author      = {Sexton, William and Abowd, John M. and Schmutte, Ian M. and Vilhuber, Lars},
  title       = {Synthetic population housing and person records for the {United States} [Dataset]},
  year        = {2017},
  doi         = {10.3886/e100274v1},
  institution = {ICPSR - Interuniversity Consortium for Political and Social Research [distributor]},
  owner       = {vilhuber},
  timestamp   = {2017.05.25},
}

@Comment{jabref-meta: databaseType:bibtex;}
