%%%%% This file compiled by Lars Vilhuber
%%%%%		  (vilhubel%ere.umontreal.ca). It contains some
		  journal abbreviations to be used by bibtex and the
		  lazy. Just call it as first BIBTEX file in your
		  \bibliography statement.}

@string{aer = "American Economic Review"}
@string{cje = "Canadian Journal of Economics"}
@string{econ = "Econometrica"}
@string{ej = "Economic Journal"}
@string{ier = "International Economic Review"}
@string{ilrr = "Industrial and Labor Relations Review"}
@string{jae = "Journal of Applied Econometrics"}
@string{jasa = "Journal of the American Statistical Association"}
@string{jbes = "Journal of Business and Economic Statistics"}
@string{jel = "Journal of Economic Literature"}
@string{jet = "Journal of Economic Theory"}
@string{jetrics = "Journal of  Econometrics"}
@string{jhr = "Journal of Human Resources"}
@string{jle = "Journal of Labor Economics"}
@string{jole = "Journal of Labor Economics"}
@string{jos = "Journal of Official Statistics"}
@string{jpe = "Journal of Political Economy"}
@string{qje = "Quarterly Journal of Economics"}
@string{rand = "The RAND Journal of Economics"}
@string{red = "Review of Economic Dynamics"}
@string{restat = "Review of Economics and Statistics"}
@string{restud = "Review of Economic Studies"}
